@misc{iot-market-size, title={Global IOT market size to grow 19\% in 2023-IOT shows resilience despite economic downturn}, url={https://iot-analytics.com/iot-market-size/}, journal={IoT Analytics}, author={ Wegner, Philipp}, year={2023}, month={Aug}} 

@misc{iot-opensurvey, title={Smarthome trand report 2023}, url={https://blog.opensurvey.co.kr/trendreport/smart-home-2023/}, journal={opensurvey}, author={Soo}, year={2023}, month={May}} 

@misc{iot-protocols, title={A Comprehensive Guide to IoT Protocols}, url={https://www.emnify.com/iot-glossary/guide-iot-protocols}, journal={emnify}, author={Christian Henke}, year={2022}, month={March}} 

@misc{Docker_2023, title={What is a container?}, url={https://www.docker.com/resources/what-container/}, journal={Docker}, author={Docker}, year={2023}, month={Oct}} 

@misc{StatCounter, title={Mobile Operating System Market Share Worldwide}, url={https://gs.statcounter.com/os-market-share/mobile/worldwide}, journal={StatCounter Global Stats}, author={StatCounter}} 